@inproceedings{aghannan2002invariant,
  title={On invariant asymptotic observers},
  author={Aghannan, Nasradine and Rouchon, Pierre},
  booktitle={Decision and Control, 2002, Proceedings of the 41st IEEE Conference on},
  volume={2},
  pages={1479--1484},
  year={2002},
  organization={IEEE}
}

@article{ajanthan2014iteratively,
  title={Iteratively Reweighted Graph Cut for Multi-label MRFs with Non-convex Priors},
  author={Ajanthan, Thalaiyasingam and Hartley, Richard and Salzmann, Mathieu and Li, Hongdong},
  journal={arXiv preprint arXiv:1411.6340},
  year={2014}
}

@article{1099413, 
author={Athans, M.}, 
journal={Automatic Control, IEEE Transactions on}, 
title={Toward a practical theory for distributed parameter systems}, 
year={1970}, 
month={April}, 
volume={15}, 
number={2}, 
pages={245-247}, 
keywords={Control theory;Distributed systems;Aerospace engineering;Chemicals;Control systems;Distributed parameter systems;Equations;Magnetic analysis;PROM;State-space methods;Systems engineering and theory;Vectors}, 
doi={10.1109/TAC.1970.1099413}, 
ISSN={0018-9286},}

@article{auroux2011symmetry,
  title={Symmetry-based observers for some water-tank problems},
  author={Auroux, Didier and Bonnabel, Silv{\`e}re},
  journal={Automatic Control, IEEE Transactions on},
  volume={56},
  number={5},
  pages={1046--1058},
  year={2011},
  publisher={IEEE}
}

@article{barczyk2013invariant,
  title={Invariant observer design for a helicopter UAV aided inertial navigation system},
  author={Barczyk, Martin and Lynch, Alan F},
  journal={Control Systems Technology, IEEE Transactions on},
  volume={21},
  number={3},
  pages={791--806},
  year={2013},
  publisher={IEEE}
}

@incollection{bonnabel2005invariant,
  title={On invariant observers},
  author={Bonnabel, Silvere and Rouchon, Pierre},
  booktitle={Control and observer design for nonlinear finite and infinite dimensional systems},
  pages={53--65},
  year={2005},
  publisher={Springer}
}

@article{bonnabel2008symmetry,
  title={Symmetry-preserving observers},
  author={Bonnabel, Silv{\`e}re and Martin, Philippe and Rouchon, Pierre},
  journal={Automatic Control, IEEE Transactions on},
  volume={53},
  number={11},
  pages={2514--2526},
  year={2008},
  publisher={IEEE}
}

@article{bonnabel2009non,
  title={Non-linear symmetry-preserving observers on Lie groups},
  author={Bonnabel, Silvere and Martin, Philippe and Rouchon, Pierre},
  journal={Automatic Control, IEEE Transactions on},
  volume={54},
  number={7},
  pages={1709--1713},
  year={2009},
  publisher={IEEE}
}

@article{bounit1997observers,
  title={Observers for Infinite Dimensional Bilin ear, Systems},
  author={Bounit, H and Hammouri, H},
  journal={European journal of control},
  volume={3},
  number={4},
  pages={325--339},
  year={1997},
  publisher={Elsevier}
}

@inproceedings{curtain1997adaptive,
  title={Adaptive observers for structurally perturbed infinite dimensional systems},
  author={Curtain, RF and Demetriou, MA and Ito, K},
  booktitle={Decision and Control, 1997., Proceedings of the 36th IEEE Conference on},
  volume={1},
  pages={509--514},
  year={1997},
  organization={IEEE}
}

@article{haine2014recovering,
  title={Recovering the observable part of the initial data of an infinite-dimensional linear system with skew-adjoint generator},
  author={Haine, Ghislain},
  journal={Mathematics of Control, Signals, and Systems},
  volume={26},
  number={3},
  pages={435--462},
  year={2014},
  publisher={Springer}
}

@article{harkort2011finite,
  title={Finite-dimensional observer-based control of linear distributed parameter systems using cascaded output observers},
  author={Harkort, C and Deutscher, J},
  journal={International Journal of Control},
  volume={84},
  number={1},
  pages={107--122},
  year={2011},
  publisher={Taylor \& Francis}
}

@article{helton1976systems,
  title={Systems with infinite-dimensional state space: the Hilbert space approach},
  author={Helton, J William},
  journal={Proceedings of the IEEE},
  volume={64},
  number={1},
  pages={145--160},
  year={1976},
  publisher={IEEE}
}

@article{luenberger1966observers,
  title={Observers for multivariable systems},
  author={Luenberger, David G},
  journal={Automatic Control, IEEE Transactions on},
  volume={11},
  number={2},
  pages={190--197},
  year={1966},
  publisher={IEEE}
}

@inproceedings{mahony2013observers,
  title={Observers for kinematic systems with symmetry},
  author={Mahony, Robert and Trumpf, Jochen and Hamel, Tarek},
  booktitle={Proceedings of the 9th IFAC symposium on nonlinear control systems},
  volume={9},
  pages={617--633},
  year={2013}
}

@article{meirovitch1983problem,
  title={On the problem of observation spillover in self-adjoint distributed-parameter systems},
  author={Meirovitch, L and Baruh, H},
  journal={Journal of Optimization Theory and Applications},
  volume={39},
  number={2},
  pages={269--291},
  year={1983},
  publisher={Springer}
}

@article{mufti2011statistical,
  title={Statistical analysis of signal measurement in time-of-flight cameras},
  author={Mufti, Faisal and Mahony, Robert},
  journal={ISPRS Journal of Photogrammetry and Remote Sensing},
  volume={66},
  number={5},
  pages={720--731},
  year={2011},
  publisher={Elsevier}
}

@article{ramdani2010recovering,
  title={Recovering the initial state of an infinite-dimensional system using observers},
  author={Ramdani, Karim and Tucsnak, Marius and Weiss, George},
  journal={Automatica},
  volume={46},
  number={10},
  pages={1616--1625},
  year={2010},
  publisher={Elsevier}
}

@article{rebelo2013symmetry,
  title={Symmetry preserving numerical schemes for partial differential equations and their numerical tests},
  author={Rebelo, Rapha{\"e}l and Valiquette, Francis},
  journal={Journal of Difference Equations and Applications},
  volume={19},
  number={5},
  pages={738--757},
  year={2013},
  publisher={Taylor \& Francis}
}

@article{smyshlyaev2005backstepping,
  title={Backstepping observers for a class of parabolic PDEs},
  author={Smyshlyaev, Andrey and Krstic, Miroslav},
  journal={Systems \& Control Letters},
  volume={54},
  number={7},
  pages={613--625},
  year={2005},
  publisher={Elsevier}
}

@article{trumpf2014internal,
  title={Internal model principles for observers},
  author={Trumpf, Jochen and Trentelman, Harry L and Willems, Jan C},
  journal={Automatic Control, IEEE Transactions on},
  volume={59},
  number={7},
  pages={1737--1749},
  year={2014},
  publisher={IEEE}
}

@inproceedings{mahony2009nonlinear,
  title={Nonlinear attitude observers on SO (3) for complementary and compatible measurements: A theoretical study},
  author={Mahony, Robert and Hamel, Tarek and Trumpf, Jochen and Lageman, Christian},
  booktitle={Decision and Control, 2009 held jointly with the 2009 28th Chinese Control Conference. CDC/CCC 2009. Proceedings of the 48th IEEE Conference on},
  pages={6407--6412},
  year={2009},
  organization={IEEE}
}

@article{valiquette2005discretization,
  title={Discretization of partial differential equations preserving their physical symmetries},
  author={Valiquette, Francis and Winternitz, Pavel},
  journal={Journal of Physics A: Mathematical and General},
  volume={38},
  number={45},
  pages={9765},
  year={2005},
  publisher={IOP Publishing}
}

@article{xu1995observer,
  title={An observer for infinite-dimensional dissipative bilinear systems},
  author={Xu, C-Z and Ligarius, P and Gauthier, J-P},
  journal={Computers \& Mathematics with Applications},
  volume={29},
  number={7},
  pages={13--21},
  year={1995},
  publisher={Elsevier}
}

@phdthesis{zarrouati2013augmented,
  title={Augmented reality: the fusion of vision and navigation},
  author={Zarrouati-Vissi{\`e}re, Nad{\`e}ge},
  year={2013},
  school={Ecole Nationale Sup{\'e}rieure des Mines de Paris}
}